<record xmlns="http://www.loc.gov/MARC21/slim" xmlns:xsi="http://www.w3.org/2001/XMLSchema-instance" xsi:schemaLocation="http://www.loc.gov/MARC21/slim http://www.loc.gov/standards/marcxml/schema/MARC21slim.xsd"><leader>01583nam a2200325   4500</leader><controlfield tag="001">001683072</controlfield><controlfield tag="003">NNU</controlfield><controlfield tag="006">m        d        </controlfield><controlfield tag="007">cr cn |||m|||a</controlfield><controlfield tag="008">150116s1970    iq a    ob    000 0 arao</controlfield><datafield ind1=" " ind2=" " tag="040"><subfield code="a">NNU</subfield><subfield code="b">eng</subfield><subfield code="c">NNU</subfield></datafield><datafield ind1=" " ind2=" " tag="066"><subfield code="c">(3</subfield></datafield><datafield ind1=" " ind2=" " tag="090"><subfield code="a">PJ6171</subfield><subfield code="b">.J3</subfield></datafield><datafield ind1="1" ind2=" " tag="100"><subfield code="6">880-01</subfield><subfield code="a">Jam&#257;l al-D&#299;n, Mu&#7779;&#7789;af&#225;,</subfield><subfield code="d">1927-</subfield></datafield><datafield ind1="1" ind2="0" tag="245"><subfield code="6">880-02</subfield><subfield code="a">&#298;q&#257;&#699; f&#299; al-shi&#699;r al-&#699;Arab&#299; min al-bayt il&#225; al-taf&#699;&#299;lah</subfield><subfield code="h">[electronic resource] /</subfield><subfield code="c">[ta&#700;l&#299;f] Mu&#7779;&#7789;af&#225; Jam&#257;l al-D&#299;n.</subfield></datafield><datafield ind1=" " ind2=" " tag="260"><subfield code="6">880-03</subfield><subfield code="a">al-Najaf :</subfield><subfield code="b">Ma&#7789;ba&#699;at al-Nu&#699;m&#257;n,</subfield><subfield code="c">[1970]</subfield></datafield><datafield ind1=" " ind2=" " tag="300"><subfield code="a">online resource (6, 276 p.) :</subfield><subfield code="b">1 illus.</subfield></datafield><datafield ind1=" " ind2=" " tag="500"><subfield code="a">Part of the Arabic Collections Online (ACO) project, contributed by New York Univeristy Libraries.</subfield></datafield><datafield ind1=" " ind2=" " tag="504"><subfield code="a">Bibliography: p. 273-276.</subfield></datafield><datafield ind1=" " ind2=" " tag="533"><subfield code="a">Electronic reproduction.</subfield><subfield code="b">New York, N.Y. :</subfield><subfield code="c">New York University,</subfield><subfield code="d">2015.</subfield><subfield code="5">NNU</subfield></datafield><datafield ind1=" " ind2="0" tag="650"><subfield code="a">Arabic language</subfield><subfield code="x">Rhythm.</subfield></datafield><datafield ind1="2" ind2=" " tag="710"><subfield code="a">New York University.</subfield><subfield code="b">Libraries.</subfield></datafield><datafield ind1="0" ind2=" " tag="730"><subfield code="a">Arabic Collections Online.</subfield></datafield><datafield ind1="0" ind2="8" tag="776"><subfield code="i">Print version:</subfield><subfield code="a">Jam&#257;l al-D&#299;n, Mu&#7779;&#7789;af&#225;, 1927-</subfield><subfield code="t">&#298;q&#257;&#699; f&#299; al-shi&#699;r al-&#699;Arab&#299; min al-bayt il&#225; al-taf&#699;&#299;lah</subfield><subfield code="w">(NNU)001683072</subfield><subfield code="w">(DLC)73962054 /NE</subfield></datafield><datafield ind1="4" ind2="0" tag="856"><subfield code="u">http://hdl.handle.net/2333.1/fqz614c8</subfield></datafield><datafield ind1="1" ind2=" " tag="880"><subfield code="6">100-01/</subfield><subfield code="a">&#1580;&#1605;&#1575;&#1604; &#1575;&#1604;&#1583;&#1610;&#1606;&#1548; &#1605;&#1589;&#1591;&#1601;&#1609;.</subfield></datafield><datafield ind1="1" ind2="0" tag="880"><subfield code="6">245-02/</subfield><subfield code="a">&#1575;&#1604;&#1575;&#1610;&#1602;&#1575;&#1593; &#1601;&#1610; &#1575;&#1604;&#1588;&#1593;&#1585; &#1575;&#1604;&#1593;&#1585;&#1576;&#1609; &#1605;&#1606; &#1575;&#1604;&#1576;&#1610;&#1578; &#1575;&#1604;&#1609; &#1575;&#1604;&#1578;&#1601;&#1593;&#1610;&#1604;&#1577; /</subfield><subfield code="c">[&#1578;&#1575;&#1604;&#1610;&#1601;] &#1605;&#1589;&#1591;&#1601;&#1609; &#1580;&#1605;&#1575;&#1604; &#1575;&#1604;&#1583;&#1610;&#1606;.</subfield></datafield><datafield ind1=" " ind2=" " tag="880"><subfield code="6">260-03/</subfield><subfield code="a">&#1575;&#1604;&#1606;&#1580;&#1601; :</subfield><subfield code="b">&#1605;&#1591;&#1576;&#1593;&#1577; &#1575;&#1604;&#1606;&#1593;&#1605;&#1575;&#1606;&#1548;</subfield><subfield code="c">[&#1633;&#1641;&#1639;&#1632;]</subfield></datafield><datafield ind1=" " ind2=" " tag="959"><subfield code="a">NNU</subfield><subfield code="b">WEB</subfield><subfield code="c">GENI</subfield><subfield code="t">0</subfield><subfield code="m">Electronic access</subfield><subfield code="s">01</subfield></datafield><datafield ind1=" " ind2=" " tag="999"><subfield code="i">NNU_001683072</subfield><subfield code="o" /></datafield></record>